@misc{musegan,
      title={MuseGAN: Multi-track Sequential Generative Adversarial Networks for Symbolic Music Generation and Accompaniment}, 
      author={Hao-Wen Dong and Wen-Yi Hsiao and Li-Chia Yang and Yi-Hsuan Yang},
      year={2017},
      eprint={1709.06298},
      archivePrefix={arXiv},
      primaryClass={eess.AS}
}

@misc{lamb_of_God, 
        title={Neural Networks Generated Lamb of God Drum Tracks}, 
        url={https://towardsdatascience.com/neural-networks-generated-lamb-of-god-drum-tracks-45d3a235e13a}, 
        publisher={Towards Data Science}, 
        author={Huang, Tsunghao}, 
        year={2019}, 
        month={Mar}
}

@misc{neuralbeats, 
        title={NeuralBeats: Generative Techno with Recurrent Neural Networks}, 
        url={https://medium.com/@snikolov/neuralbeats-generative-techno-with-recurrent-neural-networks-3824d7ba7972}, 
        publisher={Medium}, 
        author={Nikolov, Stanislav}, 
        year={2016}, 
        month={Apr}
}

@misc{convGAN,
      title={Convolutional Generative Adversarial Networks with Binary Neurons for Polyphonic Music Generation}, 
      author={Hao-Wen Dong and Yi-Hsuan Yang},
      year={2018},
      eprint={1804.09399},
      archivePrefix={arXiv},
      primaryClass={cs.LG}
}

@misc{perceiver,
    title   = {Perceiver: General Perception with Iterative Attention},
    author  = {Andrew Jaegle and Felix Gimeno and Andrew Brock and Andrew Zisserman and Oriol Vinyals and Joao Carreira},
    year    = {2021},
    eprint  = {2103.03206},
    archivePrefix = {arXiv},
    primaryClass = {cs.CV}
}

@INPROCEEDINGS{pca,  
      author={Ritchie, Alexander and Scott, Clayton and Balzano, Laura and Kessler, Daniel and Sripada, Chandra S.},  
      booktitle={2019 IEEE Data Science Workshop (DSW)},   
      title={Supervised Principal Component Analysis Via Manifold Optimization},   
      year={2019},  
      volume={},  
      number={},  
      pages={6-10},  
      doi={10.1109/DSW.2019.8755587}
}

@misc{generative,
      title={Generative Adversarial Networks}, 
      author={Ian J. Goodfellow and Jean Pouget-Abadie and Mehdi Mirza and Bing Xu and David Warde-Farley and Sherjil Ozair and Aaron Courville and Yoshua Bengio},
      year={2014},
      eprint={1406.2661},
      archivePrefix={arXiv},
      primaryClass={stat.ML}
}

@INPROCEEDINGS{transfer_classification,
      author={Liang, Beici and Gu, Minwei},
      booktitle={2020 IEEE Conference on Multimedia Information Processing and Retrieval (MIPR)}, 
      title={Music Genre Classification Using Transfer Learning}, 
      year={2020},
      volume={},
      number={},
      pages={392-393},
      doi={10.1109/MIPR49039.2020.00085}
}

@INPROCEEDINGS{active_classification,
      author={Chen, Congyue and Steven, Xin},
      booktitle={2021 IEEE 2nd International Conference on Big Data, Artificial Intelligence and Internet of Things Engineering (ICBAIE)}, 
      title={Combined Transfer and Active Learning for High Accuracy Music Genre Classification Method}, 
      year={2021},
      volume={},
      number={},
      pages={53-56},
      doi={10.1109/ICBAIE52039.2021.9390062}
  
}

@INPROCEEDINGS{cnn_classification,
      author={Puppala, Lakshman Kumar and Muvva, Siva Sankar Reddy and Chinige, Sudarshan Reddy and Rajendran, P.Selvi},
      booktitle={2021 6th International Conference on Communication and Electronics Systems (ICCES)}, 
      title={A Novel Music Genre Classification Using Convolutional Neural Network}, 
      year={2021},
      volume={},
      number={},
      pages={1246-1249},
      doi={10.1109/ICCES51350.2021.9489022}
}

@INPROCEEDINGS{svm_classification,
      author={Chaudary, Eamin and Aziz, Sumair and Khan, Muhammad Umar and Gretschmann, Paul},
      booktitle={2021 Mohammad Ali Jinnah University International Conference on Computing (MAJICC)}, 
      title={Music Genre Classification using Support Vector Machine and Empirical Mode Decomposition}, 
      year={2021},
      volume={},
      number={},
      pages={1-5},
      doi={10.1109/MAJICC53071.2021.9526251}
}