@inproceedings{Dong2018MuseGANMS,
  title={MuseGAN: Multi-track Sequential Generative Adversarial Networks for Symbolic Music Generation and Accompaniment},
  author={Hao-Wen Dong and Wen-Yi Hsiao and Li-Chia Yang and Yi-Hsuan Yang},
  booktitle={AAAI},
  year={2018}
}